<?xml version="1.0" encoding="UTF-8"?><collection xmlns="http://www.loc.gov/MARC21/slim"><record><leader>00684nam--2200181-i-4500</leader><controlfield tag="001">000043869</controlfield><controlfield tag="002">20161230</controlfield><controlfield tag="005">20161230201044</controlfield><controlfield tag="008">060222s1000------------r-----000-0-eng-d</controlfield><datafield ind1=" " ind2=" " tag="040"><subfield code="a">IFIN-HH</subfield></datafield><datafield ind1=" " ind2=" " tag="080"><subfield code="a">539.12.01(061.3)</subfield></datafield><datafield ind1="1" ind2=" " tag="100"><subfield code="a">Ferrando,A./S.A.</subfield></datafield><datafield ind1="1" ind2="0" tag="245"><subfield code="a">Su(3) x su(2) x u(1) and beyond</subfield><subfield code="b">Proceedings of the xiiith gift international semisr on theoretical physics and xth international winter meeting on fundamental physics 28 jan. - 6 febr. 1982, masella (girona) spain</subfield><subfield code="c">A, ferrendo, j.a. grifols, a. mendez (eds.)</subfield></datafield><datafield ind1=" " ind2=" " tag="260"><subfield code="a">Singapore</subfield><subfield code="b">World Scientific</subfield><subfield code="c">1983</subfield></datafield><datafield ind1=" " ind2=" " tag="300"><subfield code="a">VII+506P</subfield></datafield><datafield ind1="1" ind2=" " tag="700"><subfield code="a">Mendez, A</subfield><subfield code="e">Ed</subfield></datafield><datafield ind1=" " ind2=" " tag="852"><subfield code="a">79181</subfield><subfield code="c">53</subfield></datafield><datafield ind1=" " ind2=" " tag="CAT"><subfield code="a">Sys</subfield><subfield code="c">20151007</subfield><subfield code="h">153131</subfield></datafield></record></collection>